[gd_scene load_steps=8 format=2]

[ext_resource path="res://Elements/Invader_0.tscn" type="PackedScene" id=2]
[ext_resource path="res://Elements/Invaders.gd" type="Script" id=3]
[ext_resource path="res://Elements/Invader_1.tscn" type="PackedScene" id=4]
[ext_resource path="res://Elements/Invader_2.tscn" type="PackedScene" id=5]
[ext_resource path="res://Elements/Invader_3.tscn" type="PackedScene" id=6]

[sub_resource type="RectangleShape2D" id=1]
extents = Vector2( 800, 10 )

[sub_resource type="RectangleShape2D" id=2]
extents = Vector2( 10, 450 )

[node name="Invaders" type="Node2D"]
script = ExtResource( 3 )
invader_max_speed = 0.8
min_shot_cooldown = 0.2
drop_distance = 30
grace_time = 7

[node name="Invader_Frame" type="Node2D" parent="."]

[node name="Invader" parent="Invader_Frame" instance=ExtResource( 2 )]
position = Vector2( 58, 230 )
collision_layer = 9
collision_mask = 0
velocity = Vector2( 0.1, 0 )

[node name="Invader2" parent="Invader_Frame" instance=ExtResource( 2 )]
position = Vector2( 168, 230 )
collision_layer = 9
velocity = Vector2( 0.1, 0 )

[node name="Invader3" parent="Invader_Frame" instance=ExtResource( 2 )]
position = Vector2( 278, 230 )
collision_layer = 9
velocity = Vector2( 0.1, 0 )

[node name="Invader4" parent="Invader_Frame" instance=ExtResource( 2 )]
position = Vector2( 388, 230 )
collision_layer = 9
velocity = Vector2( 0.1, 0 )

[node name="Invader5" parent="Invader_Frame" instance=ExtResource( 2 )]
position = Vector2( 498, 230 )
collision_layer = 9
velocity = Vector2( 0.1, 0 )

[node name="Invader6" parent="Invader_Frame" instance=ExtResource( 2 )]
position = Vector2( 608, 230 )
collision_layer = 9
velocity = Vector2( 0.1, 0 )

[node name="Invader7" parent="Invader_Frame" instance=ExtResource( 2 )]
position = Vector2( 718, 230 )
collision_layer = 9
velocity = Vector2( 0.1, 0 )

[node name="Invader8" parent="Invader_Frame" instance=ExtResource( 2 )]
position = Vector2( 828, 230 )
collision_layer = 9
velocity = Vector2( 0.1, 0 )

[node name="Invader9" parent="Invader_Frame" instance=ExtResource( 2 )]
position = Vector2( 938, 230 )
collision_layer = 9
velocity = Vector2( 0.1, 0 )

[node name="Invader10" parent="Invader_Frame" instance=ExtResource( 2 )]
position = Vector2( 1049, 230 )
collision_layer = 9
velocity = Vector2( 0.1, 0 )

[node name="Invader11" parent="Invader_Frame" instance=ExtResource( 4 )]
position = Vector2( 58, 325 )
collision_layer = 9
collision_mask = 0
velocity = Vector2( 0.1, 0 )

[node name="Invader12" parent="Invader_Frame" instance=ExtResource( 4 )]
position = Vector2( 168, 325 )
collision_layer = 9
velocity = Vector2( 0.1, 0 )

[node name="Invader13" parent="Invader_Frame" instance=ExtResource( 4 )]
position = Vector2( 278, 325 )
collision_layer = 9
velocity = Vector2( 0.1, 0 )

[node name="Invader14" parent="Invader_Frame" instance=ExtResource( 4 )]
position = Vector2( 388, 325 )
collision_layer = 9
velocity = Vector2( 0.1, 0 )

[node name="Invader15" parent="Invader_Frame" instance=ExtResource( 4 )]
position = Vector2( 498, 325 )
collision_layer = 9
velocity = Vector2( 0.1, 0 )

[node name="Invader16" parent="Invader_Frame" instance=ExtResource( 4 )]
position = Vector2( 608, 325 )
collision_layer = 9
velocity = Vector2( 0.1, 0 )

[node name="Invader17" parent="Invader_Frame" instance=ExtResource( 4 )]
position = Vector2( 718, 325 )
collision_layer = 9
velocity = Vector2( 0.1, 0 )

[node name="Invader18" parent="Invader_Frame" instance=ExtResource( 4 )]
position = Vector2( 828, 325 )
collision_layer = 9
velocity = Vector2( 0.1, 0 )

[node name="Invader19" parent="Invader_Frame" instance=ExtResource( 4 )]
position = Vector2( 938, 325 )
collision_layer = 9
velocity = Vector2( 0.1, 0 )

[node name="Invader20" parent="Invader_Frame" instance=ExtResource( 4 )]
position = Vector2( 1049, 325 )
collision_layer = 9
velocity = Vector2( 0.1, 0 )

[node name="Invader21" parent="Invader_Frame" instance=ExtResource( 5 )]
position = Vector2( 58, 420 )
collision_layer = 9
collision_mask = 0
velocity = Vector2( 0.1, 0 )

[node name="Invader22" parent="Invader_Frame" instance=ExtResource( 5 )]
position = Vector2( 168, 420 )
collision_layer = 9
velocity = Vector2( 0.1, 0 )

[node name="Invader23" parent="Invader_Frame" instance=ExtResource( 5 )]
position = Vector2( 278, 420 )
collision_layer = 9
velocity = Vector2( 0.1, 0 )

[node name="Invader24" parent="Invader_Frame" instance=ExtResource( 5 )]
position = Vector2( 388, 420 )
collision_layer = 9
velocity = Vector2( 0.1, 0 )

[node name="Invader25" parent="Invader_Frame" instance=ExtResource( 5 )]
position = Vector2( 498, 420 )
collision_layer = 9
velocity = Vector2( 0.1, 0 )

[node name="Invader26" parent="Invader_Frame" instance=ExtResource( 5 )]
position = Vector2( 608, 420 )
collision_layer = 9
velocity = Vector2( 0.1, 0 )

[node name="Invader27" parent="Invader_Frame" instance=ExtResource( 5 )]
position = Vector2( 718, 420 )
collision_layer = 9
velocity = Vector2( 0.1, 0 )

[node name="Invader28" parent="Invader_Frame" instance=ExtResource( 5 )]
position = Vector2( 828, 420 )
collision_layer = 9
velocity = Vector2( 0.1, 0 )

[node name="Invader29" parent="Invader_Frame" instance=ExtResource( 5 )]
position = Vector2( 938, 420 )
collision_layer = 9
velocity = Vector2( 0.1, 0 )

[node name="Invader30" parent="Invader_Frame" instance=ExtResource( 5 )]
position = Vector2( 1049, 420 )
collision_layer = 9
velocity = Vector2( 0.1, 0 )

[node name="Invader31" parent="Invader_Frame" instance=ExtResource( 6 )]
position = Vector2( 58, 515 )
collision_layer = 9
collision_mask = 0
velocity = Vector2( 0.1, 0 )

[node name="Invader32" parent="Invader_Frame" instance=ExtResource( 6 )]
position = Vector2( 168, 515 )
collision_layer = 9
velocity = Vector2( 0.1, 0 )

[node name="Invader33" parent="Invader_Frame" instance=ExtResource( 6 )]
position = Vector2( 278, 515 )
collision_layer = 9
velocity = Vector2( 0.1, 0 )

[node name="Invader34" parent="Invader_Frame" instance=ExtResource( 6 )]
position = Vector2( 388, 515 )
collision_layer = 9
velocity = Vector2( 0.1, 0 )

[node name="Invader35" parent="Invader_Frame" instance=ExtResource( 6 )]
position = Vector2( 498, 515 )
collision_layer = 9
velocity = Vector2( 0.1, 0 )

[node name="Invader36" parent="Invader_Frame" instance=ExtResource( 6 )]
position = Vector2( 608, 515 )
collision_layer = 9
velocity = Vector2( 0.1, 0 )

[node name="Invader37" parent="Invader_Frame" instance=ExtResource( 6 )]
position = Vector2( 718, 515 )
collision_layer = 9
velocity = Vector2( 0.1, 0 )

[node name="Invader38" parent="Invader_Frame" instance=ExtResource( 6 )]
position = Vector2( 828, 515 )
collision_layer = 9
velocity = Vector2( 0.1, 0 )

[node name="Invader39" parent="Invader_Frame" instance=ExtResource( 6 )]
position = Vector2( 938, 515 )
collision_layer = 9
velocity = Vector2( 0.1, 0 )

[node name="Invader40" parent="Invader_Frame" instance=ExtResource( 6 )]
position = Vector2( 1049, 515 )
collision_layer = 9
velocity = Vector2( 0.1, 0 )

[node name="Invader41" parent="Invader_Frame" instance=ExtResource( 6 )]
position = Vector2( 58, 610 )
collision_layer = 9
collision_mask = 0
velocity = Vector2( 0.1, 0 )

[node name="Invader42" parent="Invader_Frame" instance=ExtResource( 6 )]
position = Vector2( 168, 610 )
collision_layer = 9
velocity = Vector2( 0.1, 0 )

[node name="Invader43" parent="Invader_Frame" instance=ExtResource( 6 )]
position = Vector2( 278, 610 )
collision_layer = 9
velocity = Vector2( 0.1, 0 )

[node name="Invader44" parent="Invader_Frame" instance=ExtResource( 6 )]
position = Vector2( 388, 610 )
collision_layer = 9
velocity = Vector2( 0.1, 0 )

[node name="Invader45" parent="Invader_Frame" instance=ExtResource( 6 )]
position = Vector2( 498, 610 )
collision_layer = 9
velocity = Vector2( 0.1, 0 )

[node name="Invader46" parent="Invader_Frame" instance=ExtResource( 6 )]
position = Vector2( 608, 610 )
collision_layer = 9
velocity = Vector2( 0.1, 0 )

[node name="Invader47" parent="Invader_Frame" instance=ExtResource( 6 )]
position = Vector2( 718, 610 )
collision_layer = 9
velocity = Vector2( 0.1, 0 )

[node name="Invader48" parent="Invader_Frame" instance=ExtResource( 6 )]
position = Vector2( 828, 610 )
collision_layer = 9
velocity = Vector2( 0.1, 0 )

[node name="Invader49" parent="Invader_Frame" instance=ExtResource( 6 )]
position = Vector2( 938, 610 )
collision_layer = 9
velocity = Vector2( 0.1, 0 )

[node name="Invader50" parent="Invader_Frame" instance=ExtResource( 6 )]
position = Vector2( 1049, 610 )
collision_layer = 9
velocity = Vector2( 0.1, 0 )

[node name="Top" type="Area2D" parent="."]
position = Vector2( 800, 122 )
collision_layer = 0
collision_mask = 8
__meta__ = {
"_edit_group_": true
}

[node name="CollisionShape2D" type="CollisionShape2D" parent="Top"]
shape = SubResource( 1 )

[node name="Drop" type="Area2D" parent="."]
position = Vector2( 800, 890 )
collision_layer = 0
collision_mask = 8
__meta__ = {
"_edit_group_": true
}

[node name="CollisionShape2D" type="CollisionShape2D" parent="Drop"]
shape = SubResource( 1 )

[node name="Left" type="Area2D" parent="."]
position = Vector2( 0, 450 )
collision_layer = 0
collision_mask = 8
__meta__ = {
"_edit_group_": true
}

[node name="CollisionShape2D" type="CollisionShape2D" parent="Left"]
shape = SubResource( 2 )

[node name="Right" type="Area2D" parent="."]
position = Vector2( 1600, 450 )
collision_layer = 0
collision_mask = 8
__meta__ = {
"_edit_group_": true
}

[node name="CollisionShape2D" type="CollisionShape2D" parent="Right"]
shape = SubResource( 2 )

[node name="Shot_Timer" type="Timer" parent="."]
one_shot = true

[connection signal="is_shot" from="Invader_Frame/Invader" to="." method="_on_Invader_is_shot"]
[connection signal="is_shot" from="Invader_Frame/Invader2" to="." method="_on_Invader_is_shot"]
[connection signal="is_shot" from="Invader_Frame/Invader3" to="." method="_on_Invader_is_shot"]
[connection signal="is_shot" from="Invader_Frame/Invader4" to="." method="_on_Invader_is_shot"]
[connection signal="is_shot" from="Invader_Frame/Invader5" to="." method="_on_Invader_is_shot"]
[connection signal="is_shot" from="Invader_Frame/Invader6" to="." method="_on_Invader_is_shot"]
[connection signal="is_shot" from="Invader_Frame/Invader7" to="." method="_on_Invader_is_shot"]
[connection signal="is_shot" from="Invader_Frame/Invader8" to="." method="_on_Invader_is_shot"]
[connection signal="is_shot" from="Invader_Frame/Invader9" to="." method="_on_Invader_is_shot"]
[connection signal="is_shot" from="Invader_Frame/Invader10" to="." method="_on_Invader_is_shot"]
[connection signal="is_shot" from="Invader_Frame/Invader11" to="." method="_on_Invader_is_shot"]
[connection signal="is_shot" from="Invader_Frame/Invader12" to="." method="_on_Invader_is_shot"]
[connection signal="is_shot" from="Invader_Frame/Invader13" to="." method="_on_Invader_is_shot"]
[connection signal="is_shot" from="Invader_Frame/Invader14" to="." method="_on_Invader_is_shot"]
[connection signal="is_shot" from="Invader_Frame/Invader15" to="." method="_on_Invader_is_shot"]
[connection signal="is_shot" from="Invader_Frame/Invader16" to="." method="_on_Invader_is_shot"]
[connection signal="is_shot" from="Invader_Frame/Invader17" to="." method="_on_Invader_is_shot"]
[connection signal="is_shot" from="Invader_Frame/Invader18" to="." method="_on_Invader_is_shot"]
[connection signal="is_shot" from="Invader_Frame/Invader19" to="." method="_on_Invader_is_shot"]
[connection signal="is_shot" from="Invader_Frame/Invader20" to="." method="_on_Invader_is_shot"]
[connection signal="is_shot" from="Invader_Frame/Invader21" to="." method="_on_Invader_is_shot"]
[connection signal="is_shot" from="Invader_Frame/Invader22" to="." method="_on_Invader_is_shot"]
[connection signal="is_shot" from="Invader_Frame/Invader23" to="." method="_on_Invader_is_shot"]
[connection signal="is_shot" from="Invader_Frame/Invader24" to="." method="_on_Invader_is_shot"]
[connection signal="is_shot" from="Invader_Frame/Invader25" to="." method="_on_Invader_is_shot"]
[connection signal="is_shot" from="Invader_Frame/Invader26" to="." method="_on_Invader_is_shot"]
[connection signal="is_shot" from="Invader_Frame/Invader27" to="." method="_on_Invader_is_shot"]
[connection signal="is_shot" from="Invader_Frame/Invader28" to="." method="_on_Invader_is_shot"]
[connection signal="is_shot" from="Invader_Frame/Invader29" to="." method="_on_Invader_is_shot"]
[connection signal="is_shot" from="Invader_Frame/Invader30" to="." method="_on_Invader_is_shot"]
[connection signal="is_shot" from="Invader_Frame/Invader31" to="." method="_on_Invader_is_shot"]
[connection signal="is_shot" from="Invader_Frame/Invader32" to="." method="_on_Invader_is_shot"]
[connection signal="is_shot" from="Invader_Frame/Invader33" to="." method="_on_Invader_is_shot"]
[connection signal="is_shot" from="Invader_Frame/Invader34" to="." method="_on_Invader_is_shot"]
[connection signal="is_shot" from="Invader_Frame/Invader35" to="." method="_on_Invader_is_shot"]
[connection signal="is_shot" from="Invader_Frame/Invader36" to="." method="_on_Invader_is_shot"]
[connection signal="is_shot" from="Invader_Frame/Invader37" to="." method="_on_Invader_is_shot"]
[connection signal="is_shot" from="Invader_Frame/Invader38" to="." method="_on_Invader_is_shot"]
[connection signal="is_shot" from="Invader_Frame/Invader39" to="." method="_on_Invader_is_shot"]
[connection signal="is_shot" from="Invader_Frame/Invader40" to="." method="_on_Invader_is_shot"]
[connection signal="is_shot" from="Invader_Frame/Invader41" to="." method="_on_Invader_is_shot"]
[connection signal="is_shot" from="Invader_Frame/Invader42" to="." method="_on_Invader_is_shot"]
[connection signal="is_shot" from="Invader_Frame/Invader43" to="." method="_on_Invader_is_shot"]
[connection signal="is_shot" from="Invader_Frame/Invader44" to="." method="_on_Invader_is_shot"]
[connection signal="is_shot" from="Invader_Frame/Invader45" to="." method="_on_Invader_is_shot"]
[connection signal="is_shot" from="Invader_Frame/Invader46" to="." method="_on_Invader_is_shot"]
[connection signal="is_shot" from="Invader_Frame/Invader47" to="." method="_on_Invader_is_shot"]
[connection signal="is_shot" from="Invader_Frame/Invader48" to="." method="_on_Invader_is_shot"]
[connection signal="is_shot" from="Invader_Frame/Invader49" to="." method="_on_Invader_is_shot"]
[connection signal="is_shot" from="Invader_Frame/Invader50" to="." method="_on_Invader_is_shot"]
[connection signal="body_entered" from="Top" to="." method="_on_Top_body_entered"]
[connection signal="body_entered" from="Drop" to="." method="_on_Drop_body_entered"]
[connection signal="body_entered" from="Left" to="." method="_on_Left_body_entered"]
[connection signal="body_entered" from="Right" to="." method="_on_Right_body_entered"]
[connection signal="timeout" from="Shot_Timer" to="." method="_on_Shot_Timer_timeout"]
