[gd_scene load_steps=34 format=2]

[ext_resource path="res://characters/player.gd" type="Script" id=1]
[ext_resource path="res://img/Ui/рамка.png" type="Texture" id=2]
[ext_resource path="res://img/Characters/player/перс-02-02.png" type="Texture" id=3]
[ext_resource path="res://effects/effect_player_flame.tscn" type="PackedScene" id=4]
[ext_resource path="res://effects/effect_player_eye_flame.tscn" type="PackedScene" id=5]
[ext_resource path="res://characters/CanvasLayer.gd" type="Script" id=6]
[ext_resource path="res://img/Ui/button.png" type="Texture" id=7]
[ext_resource path="res://characters/Button.gd" type="Script" id=8]
[ext_resource path="res://img/Ui/stats_panel.png" type="Texture" id=9]
[ext_resource path="res://img/Ресурс 1.png" type="Texture" id=10]
[ext_resource path="res://img/Characters/player/Безымянный-DASDAS_Монтажная область 1.png" type="Texture" id=11]

[sub_resource type="CapsuleShape2D" id=1]
radius = 60.0
height = 90.0

[sub_resource type="Gradient" id=12]
offsets = PoolRealArray( 0.994152, 1 )
colors = PoolColorArray( 1, 1, 1, 1, 1, 1, 1, 1 )

[sub_resource type="GradientTexture" id=13]
gradient = SubResource( 12 )

[sub_resource type="DynamicFontData" id=14]
font_path = "res://fonts/712_Serif.ttf"

[sub_resource type="DynamicFont" id=15]
outline_size = 1
outline_color = Color( 0.592157, 0.592157, 0.592157, 1 )
font_data = SubResource( 14 )

[sub_resource type="DynamicFont" id=16]
size = 22
outline_size = 1
outline_color = Color( 0.592157, 0.592157, 0.592157, 1 )
font_data = SubResource( 14 )

[sub_resource type="DynamicFont" id=17]
size = 22
outline_size = 1
outline_color = Color( 0.592157, 0.592157, 0.592157, 1 )
font_data = SubResource( 14 )

[sub_resource type="DynamicFontData" id=3]
hinting = 1
font_path = "res://fonts/712_Serif.ttf"

[sub_resource type="DynamicFont" id=4]
size = 220
outline_size = 1
font_data = SubResource( 3 )

[sub_resource type="DynamicFontData" id=5]
font_path = "res://fonts/712_Serif.ttf"

[sub_resource type="DynamicFont" id=6]
size = 150
font_data = SubResource( 5 )

[sub_resource type="DynamicFontData" id=7]
font_path = "res://fonts/712_Serif.ttf"

[sub_resource type="DynamicFont" id=8]
size = 80
outline_size = 3
outline_color = Color( 0.439216, 0.0313726, 0.0784314, 1 )
font_data = SubResource( 7 )

[sub_resource type="DynamicFont" id=9]
size = 70
outline_size = 3
outline_color = Color( 0.439216, 0.0313726, 0.0784314, 1 )
font_data = SubResource( 7 )

[sub_resource type="DynamicFont" id=10]
size = 70
outline_size = 3
outline_color = Color( 0.439216, 0.0313726, 0.0784314, 1 )
font_data = SubResource( 7 )

[sub_resource type="DynamicFont" id=11]
size = 100
outline_size = 3
outline_color = Color( 0.439216, 0.0313726, 0.0784314, 1 )
font_data = SubResource( 7 )

[sub_resource type="Animation" id=18]
length = 0.001
tracks/0/type = "value"
tracks/0/path = NodePath("sprite/Sprite:frame")
tracks/0/interp = 1
tracks/0/loop_wrap = true
tracks/0/imported = false
tracks/0/enabled = true
tracks/0/keys = {
"times": PoolRealArray( 0 ),
"transitions": PoolRealArray( 1 ),
"update": 0,
"values": [ 0 ]
}
tracks/1/type = "value"
tracks/1/path = NodePath("sprite/Fire:position")
tracks/1/interp = 1
tracks/1/loop_wrap = true
tracks/1/imported = false
tracks/1/enabled = true
tracks/1/keys = {
"times": PoolRealArray( 0 ),
"transitions": PoolRealArray( 1 ),
"update": 0,
"values": [ Vector2( 25.6, -78 ) ]
}
tracks/2/type = "value"
tracks/2/path = NodePath("sprite/Fire2:position")
tracks/2/interp = 1
tracks/2/loop_wrap = true
tracks/2/imported = false
tracks/2/enabled = true
tracks/2/keys = {
"times": PoolRealArray( 0 ),
"transitions": PoolRealArray( 1 ),
"update": 0,
"values": [ Vector2( 17, -78 ) ]
}
tracks/3/type = "value"
tracks/3/path = NodePath("sprite/Node2D:position")
tracks/3/interp = 1
tracks/3/loop_wrap = true
tracks/3/imported = false
tracks/3/enabled = true
tracks/3/keys = {
"times": PoolRealArray( 0 ),
"transitions": PoolRealArray( 1 ),
"update": 0,
"values": [ Vector2( -70, -12 ) ]
}
tracks/4/type = "value"
tracks/4/path = NodePath("sprite/Node2D2:position")
tracks/4/interp = 1
tracks/4/loop_wrap = true
tracks/4/imported = false
tracks/4/enabled = true
tracks/4/keys = {
"times": PoolRealArray( 0 ),
"transitions": PoolRealArray( 1 ),
"update": 0,
"values": [ Vector2( 63, 6 ) ]
}
tracks/5/type = "value"
tracks/5/path = NodePath("sprite/bag:position")
tracks/5/interp = 1
tracks/5/loop_wrap = true
tracks/5/imported = false
tracks/5/enabled = true
tracks/5/keys = {
"times": PoolRealArray( 0 ),
"transitions": PoolRealArray( 1 ),
"update": 0,
"values": [ Vector2( -10, 26 ) ]
}

[sub_resource type="Animation" id=23]
resource_name = "dash"
length = 0.2
loop = true
tracks/0/type = "value"
tracks/0/path = NodePath("sprite/Sprite:frame")
tracks/0/interp = 1
tracks/0/loop_wrap = true
tracks/0/imported = false
tracks/0/enabled = true
tracks/0/keys = {
"times": PoolRealArray( 0 ),
"transitions": PoolRealArray( 1 ),
"update": 1,
"values": [ 12 ]
}
tracks/1/type = "value"
tracks/1/path = NodePath("sprite/Fire:position")
tracks/1/interp = 1
tracks/1/loop_wrap = true
tracks/1/imported = false
tracks/1/enabled = true
tracks/1/keys = {
"times": PoolRealArray( 0 ),
"transitions": PoolRealArray( 1 ),
"update": 1,
"values": [ Vector2( 40, -69 ) ]
}
tracks/2/type = "value"
tracks/2/path = NodePath("sprite/Fire2:position")
tracks/2/interp = 1
tracks/2/loop_wrap = true
tracks/2/imported = false
tracks/2/enabled = true
tracks/2/keys = {
"times": PoolRealArray( 0 ),
"transitions": PoolRealArray( 1 ),
"update": 1,
"values": [ Vector2( 31, -69 ) ]
}
tracks/3/type = "value"
tracks/3/path = NodePath("sprite/Node2D:position")
tracks/3/interp = 1
tracks/3/loop_wrap = true
tracks/3/imported = false
tracks/3/enabled = true
tracks/3/keys = {
"times": PoolRealArray( 0 ),
"transitions": PoolRealArray( 1 ),
"update": 1,
"values": [ Vector2( -68, -18 ) ]
}
tracks/4/type = "value"
tracks/4/path = NodePath("sprite/Node2D2:position")
tracks/4/interp = 1
tracks/4/loop_wrap = true
tracks/4/imported = false
tracks/4/enabled = true
tracks/4/keys = {
"times": PoolRealArray( 0 ),
"transitions": PoolRealArray( 1 ),
"update": 1,
"values": [ Vector2( 66, 3 ) ]
}
tracks/5/type = "value"
tracks/5/path = NodePath("sprite/bag:position")
tracks/5/interp = 1
tracks/5/loop_wrap = true
tracks/5/imported = false
tracks/5/enabled = true
tracks/5/keys = {
"times": PoolRealArray( 0 ),
"transitions": PoolRealArray( 1 ),
"update": 1,
"values": [ Vector2( -29, 27 ) ]
}

[sub_resource type="Animation" id=19]
resource_name = "idle"
length = 0.8
loop = true
step = 0.2
tracks/0/type = "value"
tracks/0/path = NodePath("sprite/Sprite:frame")
tracks/0/interp = 1
tracks/0/loop_wrap = true
tracks/0/imported = false
tracks/0/enabled = true
tracks/0/keys = {
"times": PoolRealArray( 0, 0.2, 0.4, 0.6 ),
"transitions": PoolRealArray( 1, 1, 1, 1 ),
"update": 1,
"values": [ 0, 1, 2, 3 ]
}
tracks/1/type = "value"
tracks/1/path = NodePath("sprite/Fire:position")
tracks/1/interp = 1
tracks/1/loop_wrap = true
tracks/1/imported = false
tracks/1/enabled = true
tracks/1/keys = {
"times": PoolRealArray( 0, 0.2, 0.4, 0.6, 0.8 ),
"transitions": PoolRealArray( 1, 1, 1, 1, 1 ),
"update": 1,
"values": [ Vector2( 26, -79 ), Vector2( 26, -78 ), Vector2( 26, -80 ), Vector2( 25, -81 ), Vector2( 25, -81 ) ]
}
tracks/2/type = "value"
tracks/2/path = NodePath("sprite/Fire2:position")
tracks/2/interp = 1
tracks/2/loop_wrap = true
tracks/2/imported = false
tracks/2/enabled = true
tracks/2/keys = {
"times": PoolRealArray( 0, 0.2, 0.4, 0.6, 0.8 ),
"transitions": PoolRealArray( 1, 1, 1, 1, 1 ),
"update": 1,
"values": [ Vector2( 17, -79 ), Vector2( 17, -78 ), Vector2( 17, -80 ), Vector2( 16, -81 ), Vector2( 16, -81 ) ]
}

[sub_resource type="Animation" id=20]
resource_name = "jump"
length = 0.2
loop = true
tracks/0/type = "value"
tracks/0/path = NodePath("sprite/Sprite:frame")
tracks/0/interp = 1
tracks/0/loop_wrap = true
tracks/0/imported = false
tracks/0/enabled = true
tracks/0/keys = {
"times": PoolRealArray( 0 ),
"transitions": PoolRealArray( 1 ),
"update": 1,
"values": [ 8 ]
}
tracks/1/type = "value"
tracks/1/path = NodePath("sprite/Node2D:position")
tracks/1/interp = 1
tracks/1/loop_wrap = true
tracks/1/imported = false
tracks/1/enabled = true
tracks/1/keys = {
"times": PoolRealArray( 0 ),
"transitions": PoolRealArray( 1 ),
"update": 1,
"values": [ Vector2( -79, -19 ) ]
}
tracks/2/type = "value"
tracks/2/path = NodePath("sprite/Node2D2:position")
tracks/2/interp = 1
tracks/2/loop_wrap = true
tracks/2/imported = false
tracks/2/enabled = true
tracks/2/keys = {
"times": PoolRealArray( 0 ),
"transitions": PoolRealArray( 1 ),
"update": 1,
"values": [ Vector2( 54, 3 ) ]
}
tracks/3/type = "value"
tracks/3/path = NodePath("sprite/Fire2:position")
tracks/3/interp = 1
tracks/3/loop_wrap = true
tracks/3/imported = false
tracks/3/enabled = true
tracks/3/keys = {
"times": PoolRealArray( 0 ),
"transitions": PoolRealArray( 1 ),
"update": 1,
"values": [ Vector2( 19, -70 ) ]
}
tracks/4/type = "value"
tracks/4/path = NodePath("sprite/Fire:position")
tracks/4/interp = 1
tracks/4/loop_wrap = true
tracks/4/imported = false
tracks/4/enabled = true
tracks/4/keys = {
"times": PoolRealArray( 0 ),
"transitions": PoolRealArray( 1 ),
"update": 1,
"values": [ Vector2( 28, -70 ) ]
}

[sub_resource type="Animation" id=21]
resource_name = "jump_start"
length = 0.4
step = 0.2
tracks/0/type = "value"
tracks/0/path = NodePath("sprite/Sprite:frame")
tracks/0/interp = 1
tracks/0/loop_wrap = true
tracks/0/imported = false
tracks/0/enabled = true
tracks/0/keys = {
"times": PoolRealArray( 0, 0.2 ),
"transitions": PoolRealArray( 1, 1 ),
"update": 1,
"values": [ 12, 8 ]
}
tracks/1/type = "value"
tracks/1/path = NodePath("sprite/Node2D:position")
tracks/1/interp = 1
tracks/1/loop_wrap = true
tracks/1/imported = false
tracks/1/enabled = true
tracks/1/keys = {
"times": PoolRealArray( 0, 0.2 ),
"transitions": PoolRealArray( 1, 1 ),
"update": 1,
"values": [ Vector2( -70, -19 ), Vector2( -79, -19 ) ]
}
tracks/2/type = "value"
tracks/2/path = NodePath("sprite/Node2D2:position")
tracks/2/interp = 1
tracks/2/loop_wrap = true
tracks/2/imported = false
tracks/2/enabled = true
tracks/2/keys = {
"times": PoolRealArray( 0, 0.2 ),
"transitions": PoolRealArray( 1, 1 ),
"update": 1,
"values": [ Vector2( 64, 2 ), Vector2( 54, 3 ) ]
}
tracks/3/type = "value"
tracks/3/path = NodePath("sprite/Fire2:position")
tracks/3/interp = 1
tracks/3/loop_wrap = true
tracks/3/imported = false
tracks/3/enabled = true
tracks/3/keys = {
"times": PoolRealArray( 0, 0.2 ),
"transitions": PoolRealArray( 1, 1 ),
"update": 1,
"values": [ Vector2( 31, -69 ), Vector2( 19, -70 ) ]
}
tracks/4/type = "value"
tracks/4/path = NodePath("sprite/Fire:position")
tracks/4/interp = 1
tracks/4/loop_wrap = true
tracks/4/imported = false
tracks/4/enabled = true
tracks/4/keys = {
"times": PoolRealArray( 0, 0.2 ),
"transitions": PoolRealArray( 1, 1 ),
"update": 1,
"values": [ Vector2( 40, -69 ), Vector2( 28, -70 ) ]
}

[sub_resource type="Animation" id=22]
resource_name = "walk"
length = 0.8
loop = true
step = 0.2
tracks/0/type = "value"
tracks/0/path = NodePath("sprite/Sprite:frame")
tracks/0/interp = 1
tracks/0/loop_wrap = true
tracks/0/imported = false
tracks/0/enabled = true
tracks/0/keys = {
"times": PoolRealArray( 0, 0.2, 0.4, 0.6 ),
"transitions": PoolRealArray( 1, 1, 1, 1 ),
"update": 1,
"values": [ 4, 5, 6, 7 ]
}
tracks/1/type = "value"
tracks/1/path = NodePath("sprite/Fire:position")
tracks/1/interp = 1
tracks/1/loop_wrap = true
tracks/1/imported = false
tracks/1/enabled = true
tracks/1/keys = {
"times": PoolRealArray( 0, 0.2, 0.4, 0.6, 0.8 ),
"transitions": PoolRealArray( 1, 1, 1, 1, 1 ),
"update": 1,
"values": [ Vector2( 35, -64 ), Vector2( 30, -64 ), Vector2( 33, -64 ), Vector2( 23, -64 ), Vector2( 23, -64 ) ]
}
tracks/2/type = "value"
tracks/2/path = NodePath("sprite/Fire2:position")
tracks/2/interp = 1
tracks/2/loop_wrap = true
tracks/2/imported = false
tracks/2/enabled = true
tracks/2/keys = {
"times": PoolRealArray( 0, 0.2, 0.4, 0.6, 0.8 ),
"transitions": PoolRealArray( 1, 1, 1, 1, 1 ),
"update": 1,
"values": [ Vector2( 26, -64 ), Vector2( 21, -64 ), Vector2( 24, -64 ), Vector2( 14, -64 ), Vector2( 14, -64 ) ]
}
tracks/3/type = "value"
tracks/3/path = NodePath("sprite/Node2D:position")
tracks/3/interp = 1
tracks/3/loop_wrap = true
tracks/3/imported = false
tracks/3/enabled = true
tracks/3/keys = {
"times": PoolRealArray( 0, 0.2, 0.6, 0.8 ),
"transitions": PoolRealArray( 1, 1, 1, 1 ),
"update": 1,
"values": [ Vector2( -70, -12 ), Vector2( -76, -8 ), Vector2( -86, -13 ), Vector2( -85, -14 ) ]
}
tracks/4/type = "value"
tracks/4/path = NodePath("sprite/Node2D2:position")
tracks/4/interp = 1
tracks/4/loop_wrap = true
tracks/4/imported = false
tracks/4/enabled = true
tracks/4/keys = {
"times": PoolRealArray( 0, 0.2, 0.6, 0.8 ),
"transitions": PoolRealArray( 1, 1, 1, 1 ),
"update": 1,
"values": [ Vector2( 63, 6 ), Vector2( 58, 9 ), Vector2( 52, 8 ), Vector2( 50, 8 ) ]
}
tracks/5/type = "value"
tracks/5/path = NodePath("sprite/bag:position")
tracks/5/interp = 1
tracks/5/loop_wrap = true
tracks/5/imported = false
tracks/5/enabled = true
tracks/5/keys = {
"times": PoolRealArray( 0, 0.2, 0.4, 0.6, 0.8 ),
"transitions": PoolRealArray( 1, 1, 1, 1, 1 ),
"update": 1,
"values": [ Vector2( -10, 26 ), Vector2( -22, 31 ), Vector2( -13, 26 ), Vector2( -29, 31 ), Vector2( -29, 32 ) ]
}

[node name="player" type="KinematicBody2D" groups=["player"]]
script = ExtResource( 1 )
img = NodePath("sprite")

[node name="CollisionShape2D" type="CollisionShape2D" parent="."]
shape = SubResource( 1 )

[node name="sprite" type="Node2D" parent="."]

[node name="Sprite" type="Sprite" parent="sprite"]
position = Vector2( 0, -0.375004 )
scale = Vector2( 0.068, 0.06824 )
texture = ExtResource( 11 )
hframes = 4
vframes = 4

[node name="bag" type="Node2D" parent="sprite"]
position = Vector2( -10, 26 )

[node name="Node2D" parent="sprite" instance=ExtResource( 4 )]
position = Vector2( -70, -12 )
scale = Vector2( 1.8, 1.8 )

[node name="Node2D2" parent="sprite" instance=ExtResource( 4 )]
position = Vector2( 63, 6 )
scale = Vector2( 1.8, 1.8 )

[node name="Fire" parent="sprite" instance=ExtResource( 5 )]
position = Vector2( 25.6, -78 )

[node name="Fire2" parent="sprite" instance=ExtResource( 5 )]
position = Vector2( 17, -78 )

[node name="WeaponCooldown" type="Timer" parent="."]
one_shot = true

[node name="DashTime" type="Timer" parent="."]
wait_time = 0.3

[node name="Recovery" type="Timer" parent="."]
wait_time = 0.1
autostart = true

[node name="Camera2D" type="Camera2D" parent="."]
current = true
process_mode = 0
limit_smoothed = true
smoothing_enabled = true

[node name="RayCast" type="RayCast2D" parent="."]
enabled = true
cast_to = Vector2( 0, 300 )
collision_mask = 3

[node name="CanvasLayer" type="CanvasLayer" parent="."]
pause_mode = 2
script = ExtResource( 6 )

[node name="StatsPanel" type="Panel" parent="CanvasLayer"]
self_modulate = Color( 1, 1, 1, 0 )
margin_right = 464.0
margin_bottom = 161.0

[node name="BackGround" type="ColorRect" parent="CanvasLayer/StatsPanel"]
margin_right = 90.0
margin_bottom = 84.0
color = Color( 0.105882, 0.113725, 0.141176, 1 )

[node name="Icon" type="TextureRect" parent="CanvasLayer/StatsPanel"]
margin_left = -70.0
margin_top = 8.0
margin_right = 4797.0
margin_bottom = 2875.0
rect_scale = Vector2( 0.03, 0.03 )
texture = ExtResource( 3 )
expand = true
stretch_mode = 2

[node name="StaminaBar" type="TextureProgress" parent="CanvasLayer/StatsPanel"]
modulate = Color( 0, 0.0470588, 0.494118, 1 )
margin_left = 73.0
margin_top = 26.333
margin_right = 448.0
margin_bottom = 34.3329
value = 100.0
texture_under = SubResource( 13 )
texture_progress = SubResource( 13 )
tint_under = Color( 0.431373, 0.431373, 0.431373, 1 )
nine_patch_stretch = true

[node name="XpBar" type="TextureProgress" parent="CanvasLayer/StatsPanel"]
modulate = Color( 0.45098, 0.501961, 0, 1 )
margin_left = 54.0
margin_top = 47.0
margin_right = 391.0
margin_bottom = 62.0
value = 100.0
texture_under = ExtResource( 10 )
texture_progress = ExtResource( 10 )
tint_under = Color( 0.431373, 0.431373, 0.431373, 1 )
nine_patch_stretch = true

[node name="HpBar" type="TextureProgress" parent="CanvasLayer/StatsPanel"]
modulate = Color( 0.494118, 0, 0, 1 )
margin_left = 78.0
margin_top = 10.0
margin_right = 449.0
margin_bottom = 19.0
value = 100.0
texture_under = SubResource( 13 )
texture_progress = SubResource( 13 )
tint_under = Color( 0.431373, 0.431373, 0.431373, 1 )
nine_patch_stretch = true

[node name="TextureRect" type="TextureRect" parent="CanvasLayer/StatsPanel"]
margin_left = -10.0
margin_top = -10.0
margin_right = 474.0
margin_bottom = 168.0
texture = ExtResource( 9 )
expand = true

[node name="Lvl" type="Label" parent="CanvasLayer/StatsPanel"]
modulate = Color( 0.780392, 0.807843, 0, 1 )
margin_left = 66.0
margin_top = 48.0
margin_right = 373.0
margin_bottom = 62.0
custom_fonts/font = SubResource( 15 )
text = "LVL:0"

[node name="Gold" type="Label" parent="CanvasLayer/StatsPanel"]
modulate = Color( 0.780392, 0.807843, 0, 1 )
margin_left = 9.0
margin_top = 82.0
margin_right = 205.0
margin_bottom = 99.0
custom_fonts/font = SubResource( 16 )
text = "Gold:"

[node name="Ether" type="Label" parent="CanvasLayer/StatsPanel"]
modulate = Color( 0.639216, 0.176471, 0.337255, 1 )
margin_left = 9.0
margin_top = 98.0
margin_right = 193.0
margin_bottom = 115.0
custom_fonts/font = SubResource( 17 )
text = "Ether:"

[node name="Crystals" type="Label" parent="CanvasLayer/StatsPanel"]
modulate = Color( 0.176471, 0.639216, 0.639216, 1 )
margin_left = 9.0
margin_top = 115.0
margin_right = 193.0
margin_bottom = 132.0
custom_fonts/font = SubResource( 17 )
text = "Crystals:"

[node name="NinePatchRect" type="NinePatchRect" parent="CanvasLayer"]
pause_mode = 1
visible = false
anchor_left = 0.5
anchor_right = 0.5
margin_left = -310.0
margin_right = 4037.0
margin_bottom = 1827.0
rect_min_size = Vector2( 100, 100 )
rect_scale = Vector2( 0.15, 0.15 )
texture = ExtResource( 2 )
patch_margin_left = 746
patch_margin_top = 748
patch_margin_right = 746
patch_margin_bottom = 786

[node name="Name" type="Label" parent="CanvasLayer/NinePatchRect"]
anchor_left = 0.092
anchor_top = 0.076
anchor_right = 0.092
anchor_bottom = 0.076
margin_left = 110.076
margin_top = -58.852
margin_right = 3410.08
margin_bottom = 290.148
custom_colors/font_color = Color( 0.894118, 0.921569, 0.00784314, 1 )
custom_colors/font_outline_modulate = Color( 0.266667, 0.243137, 0, 1 )
custom_fonts/font = SubResource( 4 )
text = "Name
"

[node name="Say" type="Label" parent="CanvasLayer/NinePatchRect"]
anchor_left = 0.115
anchor_top = 0.174
anchor_right = 0.115
anchor_bottom = 0.174
margin_left = 10.095
margin_top = -51.2313
margin_right = 3380.09
margin_bottom = 1134.77
custom_fonts/font = SubResource( 6 )
text = "Привіт я з укрїни"
autowrap = true
percent_visible = 0.0

[node name="open" type="Timer" parent="CanvasLayer/NinePatchRect/Say"]
wait_time = 0.1
one_shot = true

[node name="close" type="Timer" parent="CanvasLayer/NinePatchRect/Say"]
wait_time = 3.0
one_shot = true

[node name="PauseMenu" type="NinePatchRect" parent="CanvasLayer"]
pause_mode = 2
visible = false
anchor_left = 0.5
anchor_top = 0.5
anchor_right = 0.5
anchor_bottom = 0.5
margin_left = -124.0
margin_top = -185.0
margin_right = 4846.0
margin_bottom = 7225.0
rect_scale = Vector2( 0.05, 0.05 )
texture = ExtResource( 2 )
patch_margin_left = 749
patch_margin_top = 749
patch_margin_right = 748
patch_margin_bottom = 749

[node name="Button1" type="NinePatchRect" parent="CanvasLayer/PauseMenu"]
modulate = Color( 0.752941, 0.752941, 0.752941, 1 )
anchor_left = 0.5
anchor_top = 0.5
anchor_right = 0.5
anchor_bottom = 0.5
margin_left = -1675.0
margin_top = -2325.0
margin_right = 31725.0
margin_bottom = 7875.0
rect_scale = Vector2( 0.1, 0.1 )
texture = ExtResource( 7 )
patch_margin_left = 1668
patch_margin_top = 1667
patch_margin_right = 1667
patch_margin_bottom = 1667
script = ExtResource( 8 )

[node name="Button" type="Button" parent="CanvasLayer/PauseMenu/Button1"]
modulate = Color( 1, 1, 1, 0 )
anchor_left = 0.5
anchor_top = 0.5
anchor_right = 0.5
anchor_bottom = 0.5
margin_left = -16800.0
margin_top = -5100.0
margin_right = 16600.0
margin_bottom = 4900.0

[node name="Label" type="Label" parent="CanvasLayer/PauseMenu/Button1"]
anchor_left = 0.5
anchor_top = 0.5
anchor_right = 0.5
anchor_bottom = 0.5
margin_left = -16600.0
margin_top = -5100.0
margin_right = -16268.0
margin_bottom = -5000.0
rect_scale = Vector2( 100, 100 )
custom_colors/font_color = Color( 1, 0, 0, 1 )
custom_fonts/font = SubResource( 8 )
text = "Resume"
align = 1
valign = 1

[node name="Button2" type="NinePatchRect" parent="CanvasLayer/PauseMenu"]
modulate = Color( 0.752941, 0.752941, 0.752941, 1 )
anchor_left = 0.5
anchor_top = 0.5
anchor_right = 0.5
anchor_bottom = 0.5
margin_left = -1675.0
margin_top = -945.0
margin_right = 31725.0
margin_bottom = 9255.0
rect_scale = Vector2( 0.1, 0.1 )
texture = ExtResource( 7 )
patch_margin_left = 1668
patch_margin_top = 1667
patch_margin_right = 1667
patch_margin_bottom = 1667
script = ExtResource( 8 )

[node name="Button" type="Button" parent="CanvasLayer/PauseMenu/Button2"]
modulate = Color( 1, 1, 1, 0 )
anchor_left = 0.5
anchor_top = 0.5
anchor_right = 0.5
anchor_bottom = 0.5
margin_left = -16800.0
margin_top = -5100.0
margin_right = 16600.0
margin_bottom = 4900.0

[node name="Label" type="Label" parent="CanvasLayer/PauseMenu/Button2"]
anchor_left = 0.5
anchor_top = 0.5
anchor_right = 0.5
anchor_bottom = 0.5
margin_left = -16600.0
margin_top = -5100.0
margin_right = -16268.0
margin_bottom = -5000.0
rect_scale = Vector2( 100, 100 )
custom_colors/font_color = Color( 1, 0, 0, 1 )
custom_fonts/font = SubResource( 9 )
text = "Settings"
align = 1
valign = 1

[node name="Button3" type="NinePatchRect" parent="CanvasLayer/PauseMenu"]
modulate = Color( 0.752941, 0.752941, 0.752941, 1 )
anchor_left = 0.5
anchor_top = 0.5
anchor_right = 0.5
anchor_bottom = 0.5
margin_left = -1675.0
margin_top = 435.0
margin_right = 31725.0
margin_bottom = 10635.0
rect_scale = Vector2( 0.1, 0.1 )
texture = ExtResource( 7 )
patch_margin_left = 1668
patch_margin_top = 1667
patch_margin_right = 1667
patch_margin_bottom = 1667
script = ExtResource( 8 )

[node name="Button" type="Button" parent="CanvasLayer/PauseMenu/Button3"]
modulate = Color( 1, 1, 1, 0 )
anchor_left = 0.5
anchor_top = 0.5
anchor_right = 0.5
anchor_bottom = 0.5
margin_left = -16800.0
margin_top = -5100.0
margin_right = 16600.0
margin_bottom = 4900.0

[node name="Label" type="Label" parent="CanvasLayer/PauseMenu/Button3"]
anchor_left = 0.5
anchor_top = 0.5
anchor_right = 0.5
anchor_bottom = 0.5
margin_left = -16600.0
margin_top = -5100.0
margin_right = -16268.0
margin_bottom = -5000.0
rect_scale = Vector2( 100, 100 )
custom_colors/font_color = Color( 1, 0, 0, 1 )
custom_fonts/font = SubResource( 10 )
text = "Creators"
align = 1
valign = 1

[node name="Button4" type="NinePatchRect" parent="CanvasLayer/PauseMenu"]
modulate = Color( 0.752941, 0.752941, 0.752941, 1 )
anchor_left = 0.5
anchor_top = 0.5
anchor_right = 0.5
anchor_bottom = 0.5
margin_left = -1675.0
margin_top = 1815.0
margin_right = 31725.0
margin_bottom = 12015.0
rect_scale = Vector2( 0.1, 0.1 )
texture = ExtResource( 7 )
patch_margin_left = 1668
patch_margin_top = 1667
patch_margin_right = 1667
patch_margin_bottom = 1667
script = ExtResource( 8 )

[node name="ButtonExit" type="Button" parent="CanvasLayer/PauseMenu/Button4"]
modulate = Color( 1, 1, 1, 0 )
anchor_left = 0.5
anchor_top = 0.5
anchor_right = 0.5
anchor_bottom = 0.5
margin_left = -16800.0
margin_top = -5100.0
margin_right = 16600.0
margin_bottom = 4900.0

[node name="Label" type="Label" parent="CanvasLayer/PauseMenu/Button4"]
anchor_left = 0.5
anchor_top = 0.5
anchor_right = 0.5
anchor_bottom = 0.5
margin_left = -16600.0
margin_top = -5100.0
margin_right = -16268.0
margin_bottom = -5000.0
rect_scale = Vector2( 100, 100 )
custom_colors/font_color = Color( 1, 0, 0, 1 )
custom_fonts/font = SubResource( 11 )
text = "Exit"
align = 1
valign = 1

[node name="RayCastLeft" type="RayCast2D" parent="."]
enabled = true
cast_to = Vector2( -515, 0 )

[node name="RayCastRight" type="RayCast2D" parent="."]
enabled = true
cast_to = Vector2( 515, 0 )

[node name="AnimationPlayer" type="AnimationPlayer" parent="."]
autoplay = "idle"
playback_speed = 1.5
anims/RESET = SubResource( 18 )
anims/dash = SubResource( 23 )
anims/idle = SubResource( 19 )
anims/jump = SubResource( 20 )
anims/jump_start = SubResource( 21 )
anims/walk = SubResource( 22 )

[node name="on_floor" type="RayCast2D" parent="."]
enabled = true
cast_to = Vector2( 0, 125 )
collision_mask = 15

[connection signal="timeout" from="WeaponCooldown" to="." method="_on_WeaponCooldown_timeout"]
[connection signal="timeout" from="DashTime" to="." method="_on_DashTime_timeout"]
[connection signal="timeout" from="Recovery" to="." method="_on_Recovery_timeout"]
[connection signal="timeout" from="CanvasLayer/NinePatchRect/Say/open" to="." method="_on_open_timeout"]
[connection signal="timeout" from="CanvasLayer/NinePatchRect/Say/close" to="." method="_on_close_timeout"]
[connection signal="button_down" from="CanvasLayer/PauseMenu/Button1/Button" to="CanvasLayer/PauseMenu/Button1" method="_on_Button_button_down"]
[connection signal="button_up" from="CanvasLayer/PauseMenu/Button1/Button" to="CanvasLayer" method="_on_Button_button_up"]
[connection signal="button_up" from="CanvasLayer/PauseMenu/Button1/Button" to="CanvasLayer/PauseMenu/Button1" method="_on_Button_button_up"]
[connection signal="mouse_entered" from="CanvasLayer/PauseMenu/Button1/Button" to="CanvasLayer/PauseMenu/Button1" method="_on_Button_mouse_entered"]
[connection signal="mouse_exited" from="CanvasLayer/PauseMenu/Button1/Button" to="CanvasLayer/PauseMenu/Button1" method="_on_Button_mouse_exited"]
[connection signal="button_down" from="CanvasLayer/PauseMenu/Button2/Button" to="CanvasLayer/PauseMenu/Button2" method="_on_Button_button_down"]
[connection signal="button_up" from="CanvasLayer/PauseMenu/Button2/Button" to="CanvasLayer/PauseMenu/Button2" method="_on_Button_button_up"]
[connection signal="mouse_entered" from="CanvasLayer/PauseMenu/Button2/Button" to="CanvasLayer/PauseMenu/Button2" method="_on_Button_mouse_entered"]
[connection signal="mouse_exited" from="CanvasLayer/PauseMenu/Button2/Button" to="CanvasLayer/PauseMenu/Button2" method="_on_Button_mouse_exited"]
[connection signal="button_down" from="CanvasLayer/PauseMenu/Button3/Button" to="CanvasLayer/PauseMenu/Button3" method="_on_Button_button_down"]
[connection signal="button_up" from="CanvasLayer/PauseMenu/Button3/Button" to="CanvasLayer/PauseMenu/Button3" method="_on_Button_button_up"]
[connection signal="mouse_entered" from="CanvasLayer/PauseMenu/Button3/Button" to="CanvasLayer/PauseMenu/Button3" method="_on_Button_mouse_entered"]
[connection signal="mouse_exited" from="CanvasLayer/PauseMenu/Button3/Button" to="CanvasLayer/PauseMenu/Button3" method="_on_Button_mouse_exited"]
[connection signal="button_down" from="CanvasLayer/PauseMenu/Button4/ButtonExit" to="CanvasLayer/PauseMenu/Button4" method="_on_Button_button_down"]
[connection signal="button_up" from="CanvasLayer/PauseMenu/Button4/ButtonExit" to="CanvasLayer" method="_on_ButtonExit_button_up"]
[connection signal="button_up" from="CanvasLayer/PauseMenu/Button4/ButtonExit" to="CanvasLayer/PauseMenu/Button4" method="_on_Button_button_up"]
[connection signal="mouse_entered" from="CanvasLayer/PauseMenu/Button4/ButtonExit" to="CanvasLayer/PauseMenu/Button4" method="_on_Button_mouse_entered"]
[connection signal="mouse_exited" from="CanvasLayer/PauseMenu/Button4/ButtonExit" to="CanvasLayer/PauseMenu/Button4" method="_on_Button_mouse_exited"]
