[gd_scene load_steps=18 format=2]

[ext_resource path="res://actors/template/cutout_character.gd" type="Script" id=1]
[ext_resource path="res://Без названия26_20221127150929.png" type="Texture" id=10]
[ext_resource path="res://Без названия26_20221128164228.png" type="Texture" id=11]
[ext_resource path="res://Без названия26_20221127151337 (1).png" type="Texture" id=12]
[ext_resource path="res://Без названия26_20221128172410.png" type="Texture" id=13]
[ext_resource path="res://20221128_164430.png" type="Texture" id=14]
[ext_resource path="res://Без названия26_20221128171748.png" type="Texture" id=15]
[ext_resource path="res://Без названия26_20221128002154.png" type="Texture" id=16]
[ext_resource path="res://Без названия26_20221128172130.png" type="Texture" id=17]
[ext_resource path="res://Без названия26_20221128172321.png" type="Texture" id=18]

[sub_resource type="Animation" id=1]
length = 0.001
tracks/0/type = "value"
tracks/0/path = NodePath("../без_названия_26_20221127151337_(_1):visible")
tracks/0/interp = 1
tracks/0/loop_wrap = true
tracks/0/imported = false
tracks/0/enabled = true
tracks/0/keys = {
"times": PoolRealArray( 0 ),
"transitions": PoolRealArray( 1 ),
"update": 0,
"values": [ true ]
}
tracks/1/type = "value"
tracks/1/path = NodePath(".:visible")
tracks/1/interp = 1
tracks/1/loop_wrap = true
tracks/1/imported = false
tracks/1/enabled = true
tracks/1/keys = {
"times": PoolRealArray( 0 ),
"transitions": PoolRealArray( 1 ),
"update": 0,
"values": [ false ]
}
tracks/2/type = "value"
tracks/2/path = NodePath("../без_названия_26_20221128002154:visible")
tracks/2/interp = 1
tracks/2/loop_wrap = true
tracks/2/imported = false
tracks/2/enabled = true
tracks/2/keys = {
"times": PoolRealArray( 0 ),
"transitions": PoolRealArray( 1 ),
"update": 0,
"values": [ true ]
}
tracks/3/type = "value"
tracks/3/path = NodePath("../без_названия_26_20221128164228:visible")
tracks/3/interp = 1
tracks/3/loop_wrap = true
tracks/3/imported = false
tracks/3/enabled = true
tracks/3/keys = {
"times": PoolRealArray( 0 ),
"transitions": PoolRealArray( 1 ),
"update": 0,
"values": [ true ]
}
tracks/4/type = "value"
tracks/4/path = NodePath("../20221128_164430:visible")
tracks/4/interp = 1
tracks/4/loop_wrap = true
tracks/4/imported = false
tracks/4/enabled = true
tracks/4/keys = {
"times": PoolRealArray( 0 ),
"transitions": PoolRealArray( 1 ),
"update": 0,
"values": [ false ]
}
tracks/5/type = "value"
tracks/5/path = NodePath("../без_названия_26_20221128171748:position")
tracks/5/interp = 1
tracks/5/loop_wrap = true
tracks/5/imported = false
tracks/5/enabled = true
tracks/5/keys = {
"times": PoolRealArray( 0 ),
"transitions": PoolRealArray( 1 ),
"update": 0,
"values": [ Vector2( 86, -76 ) ]
}
tracks/6/type = "value"
tracks/6/path = NodePath("../без_названия_26_20221128171748:visible")
tracks/6/interp = 1
tracks/6/loop_wrap = true
tracks/6/imported = false
tracks/6/enabled = true
tracks/6/keys = {
"times": PoolRealArray( 0 ),
"transitions": PoolRealArray( 1 ),
"update": 0,
"values": [ false ]
}
tracks/7/type = "value"
tracks/7/path = NodePath(".:rotation_degrees")
tracks/7/interp = 1
tracks/7/loop_wrap = true
tracks/7/imported = false
tracks/7/enabled = true
tracks/7/keys = {
"times": PoolRealArray( 0 ),
"transitions": PoolRealArray( 1 ),
"update": 0,
"values": [ -7.7 ]
}

[sub_resource type="Animation" id=2]
resource_name = "climb"
loop = true
tracks/0/type = "value"
tracks/0/path = NodePath("../без_названия_26_20221128164228:visible")
tracks/0/interp = 1
tracks/0/loop_wrap = true
tracks/0/imported = false
tracks/0/enabled = true
tracks/0/keys = {
"times": PoolRealArray( 0, 0.5 ),
"transitions": PoolRealArray( 1, 1 ),
"update": 1,
"values": [ true, false ]
}
tracks/1/type = "value"
tracks/1/path = NodePath("../20221128_164430:visible")
tracks/1/interp = 1
tracks/1/loop_wrap = true
tracks/1/imported = false
tracks/1/enabled = true
tracks/1/keys = {
"times": PoolRealArray( 0, 0.5 ),
"transitions": PoolRealArray( 1, 1 ),
"update": 1,
"values": [ false, true ]
}
tracks/2/type = "value"
tracks/2/path = NodePath(".:visible")
tracks/2/interp = 1
tracks/2/loop_wrap = true
tracks/2/imported = false
tracks/2/enabled = true
tracks/2/keys = {
"times": PoolRealArray( 0 ),
"transitions": PoolRealArray( 1 ),
"update": 1,
"values": [ false ]
}
tracks/3/type = "value"
tracks/3/path = NodePath("../без_названия_26_20221127151337_(_1):visible")
tracks/3/interp = 1
tracks/3/loop_wrap = true
tracks/3/imported = false
tracks/3/enabled = true
tracks/3/keys = {
"times": PoolRealArray( 0 ),
"transitions": PoolRealArray( 1 ),
"update": 1,
"values": [ false ]
}
tracks/4/type = "value"
tracks/4/path = NodePath("../без_названия_26_20221128002154:visible")
tracks/4/interp = 1
tracks/4/loop_wrap = true
tracks/4/imported = false
tracks/4/enabled = true
tracks/4/keys = {
"times": PoolRealArray( 0 ),
"transitions": PoolRealArray( 1 ),
"update": 1,
"values": [ false ]
}

[sub_resource type="Animation" id=10]
resource_name = "fall"

[sub_resource type="Animation" id=8]
resource_name = "idle"
tracks/0/type = "value"
tracks/0/path = NodePath("../без_названия_26_20221127151337_(_1):visible")
tracks/0/interp = 1
tracks/0/loop_wrap = true
tracks/0/imported = false
tracks/0/enabled = true
tracks/0/keys = {
"times": PoolRealArray( 0 ),
"transitions": PoolRealArray( 1 ),
"update": 1,
"values": [ true ]
}
tracks/1/type = "value"
tracks/1/path = NodePath(".:visible")
tracks/1/interp = 1
tracks/1/loop_wrap = true
tracks/1/imported = false
tracks/1/enabled = true
tracks/1/keys = {
"times": PoolRealArray( 0 ),
"transitions": PoolRealArray( 1 ),
"update": 1,
"values": [ false ]
}
tracks/2/type = "value"
tracks/2/path = NodePath("../без_названия_26_20221128002154:visible")
tracks/2/interp = 1
tracks/2/loop_wrap = true
tracks/2/imported = false
tracks/2/enabled = true
tracks/2/keys = {
"times": PoolRealArray( 0 ),
"transitions": PoolRealArray( 1 ),
"update": 1,
"values": [ false ]
}
tracks/3/type = "value"
tracks/3/path = NodePath("../без_названия_26_20221128164228:visible")
tracks/3/interp = 1
tracks/3/loop_wrap = true
tracks/3/imported = false
tracks/3/enabled = true
tracks/3/keys = {
"times": PoolRealArray( 0 ),
"transitions": PoolRealArray( 1 ),
"update": 1,
"values": [ false ]
}
tracks/4/type = "value"
tracks/4/path = NodePath("../20221128_164430:visible")
tracks/4/interp = 1
tracks/4/loop_wrap = true
tracks/4/imported = false
tracks/4/enabled = true
tracks/4/keys = {
"times": PoolRealArray( 0 ),
"transitions": PoolRealArray( 1 ),
"update": 1,
"values": [ false ]
}
tracks/5/type = "value"
tracks/5/path = NodePath("../без_названия_26_20221128171748:position")
tracks/5/interp = 1
tracks/5/loop_wrap = true
tracks/5/imported = false
tracks/5/enabled = true
tracks/5/keys = {
"times": PoolRealArray( 0 ),
"transitions": PoolRealArray( 1 ),
"update": 0,
"values": [ Vector2( 86, -76 ) ]
}

[sub_resource type="Animation" id=3]
resource_name = "jump"
tracks/0/type = "value"
tracks/0/path = NodePath("../без_названия_26_20221128002154:visible")
tracks/0/interp = 1
tracks/0/loop_wrap = true
tracks/0/imported = false
tracks/0/enabled = true
tracks/0/keys = {
"times": PoolRealArray( 0 ),
"transitions": PoolRealArray( 1 ),
"update": 1,
"values": [ true ]
}
tracks/1/type = "value"
tracks/1/path = NodePath("../без_названия_26_20221127151337_(_1):visible")
tracks/1/interp = 1
tracks/1/loop_wrap = true
tracks/1/imported = false
tracks/1/enabled = true
tracks/1/keys = {
"times": PoolRealArray( 0 ),
"transitions": PoolRealArray( 1 ),
"update": 1,
"values": [ false ]
}
tracks/2/type = "value"
tracks/2/path = NodePath(".:visible")
tracks/2/interp = 1
tracks/2/loop_wrap = true
tracks/2/imported = false
tracks/2/enabled = true
tracks/2/keys = {
"times": PoolRealArray( 0 ),
"transitions": PoolRealArray( 1 ),
"update": 1,
"values": [ false ]
}
tracks/3/type = "value"
tracks/3/path = NodePath("../без_названия_26_20221128164228:visible")
tracks/3/interp = 1
tracks/3/loop_wrap = true
tracks/3/imported = false
tracks/3/enabled = true
tracks/3/keys = {
"times": PoolRealArray( 0 ),
"transitions": PoolRealArray( 1 ),
"update": 1,
"values": [ false ]
}
tracks/4/type = "value"
tracks/4/path = NodePath("../20221128_164430:visible")
tracks/4/interp = 1
tracks/4/loop_wrap = true
tracks/4/imported = false
tracks/4/enabled = true
tracks/4/keys = {
"times": PoolRealArray( 0 ),
"transitions": PoolRealArray( 1 ),
"update": 1,
"values": [ false ]
}
tracks/5/type = "value"
tracks/5/path = NodePath("../без_названия_26_20221128171748:visible")
tracks/5/interp = 1
tracks/5/loop_wrap = true
tracks/5/imported = false
tracks/5/enabled = true
tracks/5/keys = {
"times": PoolRealArray( 0 ),
"transitions": PoolRealArray( 1 ),
"update": 1,
"values": [ false ]
}

[sub_resource type="Animation" id=4]
resource_name = "run"
loop = true
step = 0.005
tracks/0/type = "value"
tracks/0/path = NodePath("../без_названия_26_20221127151337_(_1):visible")
tracks/0/interp = 1
tracks/0/loop_wrap = true
tracks/0/imported = false
tracks/0/enabled = true
tracks/0/keys = {
"times": PoolRealArray( 0, 0.5 ),
"transitions": PoolRealArray( 1, 1 ),
"update": 1,
"values": [ true, false ]
}
tracks/1/type = "value"
tracks/1/path = NodePath(".:visible")
tracks/1/interp = 1
tracks/1/loop_wrap = true
tracks/1/imported = false
tracks/1/enabled = true
tracks/1/keys = {
"times": PoolRealArray( 0, 0.5 ),
"transitions": PoolRealArray( 1, 1 ),
"update": 1,
"values": [ false, true ]
}
tracks/2/type = "value"
tracks/2/path = NodePath("../без_названия_26_20221128164228:visible")
tracks/2/interp = 1
tracks/2/loop_wrap = true
tracks/2/imported = false
tracks/2/enabled = true
tracks/2/keys = {
"times": PoolRealArray( 0 ),
"transitions": PoolRealArray( 1 ),
"update": 1,
"values": [ false ]
}
tracks/3/type = "value"
tracks/3/path = NodePath("../20221128_164430:visible")
tracks/3/interp = 1
tracks/3/loop_wrap = true
tracks/3/imported = false
tracks/3/enabled = true
tracks/3/keys = {
"times": PoolRealArray( 0 ),
"transitions": PoolRealArray( 1 ),
"update": 1,
"values": [ false ]
}
tracks/4/type = "value"
tracks/4/path = NodePath("../без_названия_26_20221128002154:visible")
tracks/4/interp = 1
tracks/4/loop_wrap = true
tracks/4/imported = false
tracks/4/enabled = true
tracks/4/keys = {
"times": PoolRealArray( 0 ),
"transitions": PoolRealArray( 1 ),
"update": 1,
"values": [ false ]
}

[sub_resource type="Animation" id=5]
resource_name = "walk"
loop = true
tracks/0/type = "value"
tracks/0/path = NodePath("../без_названия_26_20221127151337_(_1):visible")
tracks/0/interp = 1
tracks/0/loop_wrap = true
tracks/0/imported = false
tracks/0/enabled = true
tracks/0/keys = {
"times": PoolRealArray( 0, 0.5 ),
"transitions": PoolRealArray( 1, 1 ),
"update": 1,
"values": [ true, false ]
}
tracks/1/type = "value"
tracks/1/path = NodePath(".:visible")
tracks/1/interp = 1
tracks/1/loop_wrap = true
tracks/1/imported = false
tracks/1/enabled = true
tracks/1/keys = {
"times": PoolRealArray( 0, 0.5 ),
"transitions": PoolRealArray( 1, 1 ),
"update": 1,
"values": [ false, true ]
}
tracks/2/type = "value"
tracks/2/path = NodePath("../без_названия_26_20221128164228:visible")
tracks/2/interp = 1
tracks/2/loop_wrap = true
tracks/2/imported = false
tracks/2/enabled = true
tracks/2/keys = {
"times": PoolRealArray( 0 ),
"transitions": PoolRealArray( 1 ),
"update": 1,
"values": [ false ]
}
tracks/3/type = "value"
tracks/3/path = NodePath("../20221128_164430:visible")
tracks/3/interp = 1
tracks/3/loop_wrap = true
tracks/3/imported = false
tracks/3/enabled = true
tracks/3/keys = {
"times": PoolRealArray( 0 ),
"transitions": PoolRealArray( 1 ),
"update": 1,
"values": [ false ]
}
tracks/4/type = "value"
tracks/4/path = NodePath("../без_названия_26_20221128002154:visible")
tracks/4/interp = 1
tracks/4/loop_wrap = true
tracks/4/imported = false
tracks/4/enabled = true
tracks/4/keys = {
"times": PoolRealArray( 0 ),
"transitions": PoolRealArray( 1 ),
"update": 1,
"values": [ false ]
}
tracks/5/type = "value"
tracks/5/path = NodePath(".:rotation_degrees")
tracks/5/interp = 1
tracks/5/loop_wrap = true
tracks/5/imported = false
tracks/5/enabled = true
tracks/5/keys = {
"times": PoolRealArray( 0.5 ),
"transitions": PoolRealArray( 1 ),
"update": 0,
"values": [ -7.7 ]
}

[node name="template_character" type="Position2D"]
script = ExtResource( 1 )

[node name="animator" type="AnimationPlayer" parent="."]
root_node = NodePath("../sprites/без_названия_26_20221127150929")
autoplay = "idle"
anims/RESET = SubResource( 1 )
anims/climb = SubResource( 2 )
anims/fall = SubResource( 10 )
anims/idle = SubResource( 8 )
anims/jump = SubResource( 3 )
anims/run = SubResource( 4 )
anims/walk = SubResource( 5 )

[node name="sprites" type="Node2D" parent="."]

[node name="без_названия_26_20221128002154" type="Sprite" parent="sprites"]
position = Vector2( 7, -74 )
scale = Vector2( 0.5, 0.5 )
texture = ExtResource( 16 )

[node name="без_названия_26_20221127151337_(_1)" type="Sprite" parent="sprites"]
position = Vector2( 7, -74 )
scale = Vector2( 0.5, 0.5 )
texture = ExtResource( 12 )

[node name="без_названия_26_20221127150929" type="Sprite" parent="sprites"]
visible = false
position = Vector2( 7, -74 )
rotation = -0.13439
scale = Vector2( 0.5, 0.5 )
texture = ExtResource( 10 )

[node name="без_названия_26_20221128164228" type="Sprite" parent="sprites"]
position = Vector2( -14, -83 )
scale = Vector2( 0.5, 0.5 )
texture = ExtResource( 11 )

[node name="20221128_164430" type="Sprite" parent="sprites"]
visible = false
position = Vector2( -7, -83 )
scale = Vector2( 0.5, 0.5 )
texture = ExtResource( 14 )

[node name="без_названия_26_20221128171748" type="Sprite" parent="sprites"]
visible = false
position = Vector2( 86, -76 )
scale = Vector2( 0.5, 0.5 )
texture = ExtResource( 15 )

[node name="без_названия_26_20221128172130" type="Sprite" parent="sprites/без_названия_26_20221128171748"]
visible = false
position = Vector2( -4, -4 )
texture = ExtResource( 17 )

[node name="без_названия_26_20221128172321" type="Sprite" parent="sprites/без_названия_26_20221128171748"]
visible = false
position = Vector2( 158, -2 )
scale = Vector2( 0.5, 0.5 )
texture = ExtResource( 18 )

[node name="без_названия_26_20221128172410" type="Sprite" parent="sprites/без_названия_26_20221128171748"]
visible = false
position = Vector2( 76, -32 )
scale = Vector2( 0.5, 0.5 )
texture = ExtResource( 13 )
