[gd_scene load_steps=9 format=2]

[ext_resource path="res://Objects/Door.gd" type="Script" id=1]

[sub_resource type="CubeMesh" id=1]
size = Vector3( 2, 8, 2 )

[sub_resource type="SpatialMaterial" id=3]
albedo_color = Color( 0.301961, 0.439216, 0.298039, 1 )

[sub_resource type="ConcavePolygonShape" id=2]
data = PoolVector3Array( -1, 3, 1, 1, 3, 1, -1, -3, 1, 1, 3, 1, 1, -3, 1, -1, -3, 1, 1, 3, -1, -1, 3, -1, 1, -3, -1, -1, 3, -1, -1, -3, -1, 1, -3, -1, 1, 3, 1, 1, 3, -1, 1, -3, 1, 1, 3, -1, 1, -3, -1, 1, -3, 1, -1, 3, -1, -1, 3, 1, -1, -3, -1, -1, 3, 1, -1, -3, 1, -1, -3, -1, 1, 3, 1, -1, 3, 1, 1, 3, -1, -1, 3, 1, -1, 3, -1, 1, 3, -1, -1, -3, 1, 1, -3, 1, -1, -3, -1, 1, -3, 1, 1, -3, -1, -1, -3, -1 )

[sub_resource type="CubeMesh" id=7]

[sub_resource type="Animation" id=4]
length = 0.001
tracks/0/type = "value"
tracks/0/path = NodePath("MeshInstance:translation")
tracks/0/interp = 1
tracks/0/loop_wrap = true
tracks/0/imported = false
tracks/0/enabled = true
tracks/0/keys = {
"times": PoolRealArray( 0 ),
"transitions": PoolRealArray( 1 ),
"update": 0,
"values": [ Vector3( 0, 0, 0 ) ]
}

[sub_resource type="Animation" id=5]
resource_name = "open"
tracks/0/type = "value"
tracks/0/path = NodePath("MeshInstance:translation")
tracks/0/interp = 1
tracks/0/loop_wrap = true
tracks/0/imported = false
tracks/0/enabled = true
tracks/0/keys = {
"times": PoolRealArray( 0, 1 ),
"transitions": PoolRealArray( 1, 1 ),
"update": 0,
"values": [ Vector3( 0, 0, 0 ), Vector3( 0, -3.9, 0 ) ]
}

[sub_resource type="BoxShape" id=6]
extents = Vector3( 1.1, 3, 1.1 )

[node name="Door" type="Spatial"]
script = ExtResource( 1 )

[node name="MeshInstance" type="MeshInstance" parent="."]
mesh = SubResource( 1 )
material/0 = SubResource( 3 )

[node name="StaticBody" type="KinematicBody" parent="MeshInstance"]

[node name="CollisionShape" type="CollisionShape" parent="MeshInstance/StaticBody"]
transform = Transform( 1, 0, 0, 0, 1.33744, 0, 0, 0, 1, 0, 0, 0 )
shape = SubResource( 2 )

[node name="LockMesh" type="MeshInstance" parent="MeshInstance"]
transform = Transform( 1.13643, 0, 0, 0, 0.320787, 0, 0, 0, 1.16569, 0, 1.76591, 0 )
visible = false
mesh = SubResource( 7 )
skeleton = NodePath("../..")

[node name="AnimationPlayer" type="AnimationPlayer" parent="."]
anims/RESET = SubResource( 4 )
anims/open = SubResource( 5 )

[node name="Area" type="Area" parent="."]

[node name="CollisionShape" type="CollisionShape" parent="Area"]
shape = SubResource( 6 )
